<record xmlns="http://www.loc.gov/MARC21/slim" xmlns:xsi="http://www.w3.org/2001/XMLSchema-instance" xsi:schemaLocation="http://www.loc.gov/MARC21/slim http://www.loc.gov/standards/marcxml/schema/MARC21slim.xsd">

  <leader>00465nam a2200157Ia 4500</leader>
  <datafield ind2=" " tag="999" ind1=" ">
    <subfield code="c">1636</subfield>
    <subfield code="d">1636</subfield>
  </datafield>
  <controlfield tag="008">180312b2000    cl ||||| |||| 00| | spa d</controlfield>
  <datafield ind1=" " tag="090" ind2=" ">
    <subfield code="a">06.02.03 </subfield>
    <subfield code="b">864</subfield>
  </datafield>
  <datafield ind1="1" tag="100" ind2=" ">
    <subfield code="a">Levin, Henry M.</subfield>
    <subfield code="9">3473</subfield>
  </datafield>
  <datafield ind2="4" ind1="1" tag="245">
    <subfield code="a">Las escuelas aceleradas: una década de evolución / </subfield>
    <subfield code="c">Henry M. Levin</subfield>
  </datafield>
  <datafield ind1=" " tag="260" ind2=" ">
    <subfield code="a">Santiago, Chile : </subfield>
    <subfield code="b">PREAL, </subfield>
    <subfield code="c">2000</subfield>
  </datafield>
  <datafield ind2=" " ind1=" " tag="300">
    <subfield code="a">27 páginas</subfield>
  </datafield>
  <datafield tag="490" ind1=" " ind2=" ">
    <subfield code="a">Documentos,</subfield>
    <subfield code="v">18</subfield>
  </datafield>
  <datafield tag="650" ind1="1" ind2="4">
    <subfield code="a">PROYECTOS DE EDUCACION </subfield>
    <subfield code="9">152</subfield>
  </datafield>
  <datafield ind2="4" ind1="1" tag="650">
    <subfield code="a">APRENDIZAJE </subfield>
    <subfield code="9">387</subfield>
  </datafield>
  <datafield ind2="4" tag="650" ind1="1">
    <subfield code="a">OPORTUNIDADES DE EDUCACIÓN</subfield>
    <subfield code="9">787</subfield>
  </datafield>
  <datafield ind2=" " tag="942" ind1=" ">
    <subfield code="2">z</subfield>
    <subfield code="c">01</subfield>
  </datafield>
</record>